ItemCode,Batch,Date,PricePerUnit,CostPerUnit,UnitSold,Revenue,Profit,Inventory,PurchaseOrderArrivalDate,PO_Qty
1,1,1/1/2023,50,40,1,50,10,29,12/29/2022,30
1,1,1/1/2023,47,40,2,94,14,27,,
1,1,1/1/2023,34,40,1,34,-6,26,,
1,1,1/2/2023,35,40,2,70,-10,24,,
1,1,1/2/2023,32,40,2,64,-16,22,,
1,1,1/2/2023,27,40,4,108,-52,18,,
1,1,1/7/2023,50,40,2,100,20,16,,
1,1,1/7/2023,46,40,5,230,30,11,,
1,1,1/7/2023,33,40,4,132,-28,37,12/31/2022,30
1,1,1/8/2023,35,40,3,105,-15,34,,
1,1,1/8/2023,34,40,2,68,-12,32,,
1,1,1/8/2023,27,40,3,81,-39,29,,
1,1,1/14/2023,45,40,4,180,20,25,,
1,1,1/14/2023,43,40,5,215,15,20,,
1,1,1/14/2023,31,40,3,93,-27,17,,
1,1,1/20/2023,60,40,1,60,20,16,,
1,1,1/20/2023,58,40,3,174,54,43,1/14/2023,30
1,1,1/20/2023,41,40,5,205,5,38,,
1,1,1/25/2023,50,40,3,150,30,35,,
1,1,1/25/2023,46,40,4,184,24,31,,
1,1,1/25/2023,40,40,3,120,0,28,,
1,1,1/26/2023,60,40,3,180,60,25,,
1,1,1/26/2023,58,40,4,232,72,21,,
1,1,1/26/2023,43,40,5,215,15,16,,
1,1,1/31/2023,50,40,1,50,10,15,,
1,1,1/31/2023,45,40,4,180,20,11,,
1,1,1/31/2023,33,40,3,99,-21,8,,
1,1,2/1/2023,60,40,1,60,20,37,1/28/2023,30
1,1,2/1/2023,56,40,4,224,64,33,,
1,1,2/1/2023,47,40,3,141,21,30,,
1,1,2/6/2023,60,40,2,120,40,28,,
1,1,2/6/2023,54,40,5,270,70,23,,
1,1,2/6/2023,44,40,3,132,12,20,,
1,1,2/7/2023,60,40,4,240,80,16,,
1,1,2/7/2023,58,40,2,116,36,14,,
1,1,2/7/2023,48,40,3,144,24,11,,
1,1,2/13/2023,65,40,2,130,50,9,,
1,1,2/13/2023,62,40,1,62,22,38,2/7/2023,30
1,1,2/13/2023,44,40,3,132,12,35,,
1,1,2/19/2023,60,40,1,60,20,34,,
1,1,2/19/2023,56,40,4,224,64,30,,
1,1,2/19/2023,41,40,1,41,1,29,,
1,1,2/25/2023,60,40,3,180,60,26,,
1,1,2/25/2023,56,40,1,56,16,25,,
1,1,2/25/2023,47,40,5,235,35,20,,
1,1,3/4/2023,60,40,4,240,80,16,,
1,1,3/4/2023,57,40,2,114,34,44,2/26/2023,30
1,1,3/4/2023,47,40,5,235,35,39,,
1,1,3/5/2023,60,40,2,120,40,37,,
1,1,3/5/2023,55,40,4,220,60,33,,
1,1,3/5/2023,47,40,5,235,35,28,,
1,1,3/10/2023,60,40,1,60,20,27,,
1,1,3/10/2023,58,40,3,174,54,24,,
1,1,3/10/2023,47,40,2,94,14,22,,
1,1,3/11/2023,60,40,2,120,40,20,,
1,1,3/11/2023,59,40,3,177,57,17,,
1,1,3/11/2023,44,40,3,132,12,14,,
1,1,3/16/2023,30,40,4,120,-40,40,3/10/2023,30
1,1,3/16/2023,28,40,2,56,-24,38,,
1,1,3/16/2023,20,40,4,80,-80,34,,
1,1,3/17/2023,60,40,3,180,60,31,,
1,1,3/17/2023,58,40,5,290,90,26,,
1,1,3/17/2023,41,40,4,164,4,22,,
1,1,3/22/2023,30,40,1,30,-10,21,,
1,1,3/22/2023,27,40,2,54,-26,19,,
1,1,3/28/2023,40,40,4,160,0,15,,
1,1,3/28/2023,37,40,5,185,-15,40,3/25/2023,30
1,1,4/3/2023,60,40,5,300,100,35,,
1,1,4/3/2023,55,40,1,55,15,34,,
1,1,4/9/2023,60,40,3,180,60,31,,
1,1,4/9/2023,55,40,2,110,30,29,,
1,1,4/15/2023,60,40,5,300,100,24,,
1,1,4/15/2023,54,40,3,162,42,21,,
1,1,4/20/2023,60,40,1,60,20,20,,
1,1,4/20/2023,56,40,3,168,48,17,,
1,1,4/20/2023,39,40,1,39,-1,16,,
1,1,4/21/2023,65,40,4,260,100,12,,
1,1,4/21/2023,64,40,4,256,96,38,4/17/2023,30
1,1,4/25/2023,45,40,5,225,25,33,,
1,1,4/25/2023,55,40,2,110,30,31,,
1,1,4/25/2023,60,40,4,240,80,27,,
1,1,4/25/2023,42,40,3,126,6,24,,
1,1,4/25/2023,52,40,1,52,12,23,,
1,1,4/25/2023,55,40,5,275,75,18,,
1,1,4/27/2023,70,40,4,280,120,14,,
1,1,4/27/2023,63,40,3,189,69,11,,
1,1,4/28/2023,65,40,2,130,50,39,4/22/2023,30
1,1,4/28/2023,60,40,3,180,60,36,,
1,1,4/28/2023,46,40,1,46,6,35,,
1,1,5/3/2023,65,40,3,195,75,32,,
1,1,5/3/2023,59,40,4,236,76,28,,
1,1,5/4/2023,65,40,3,195,75,25,,
1,1,5/4/2023,62,40,4,248,88,21,,
1,1,5/4/2023,48,40,5,240,40,16,,
1,1,5/9/2023,55,40,4,220,60,12,,
1,1,5/9/2023,51,40,3,153,33,9,,
1,1,5/15/2023,55,40,1,55,15,38,5/11/2023,30
1,1,5/15/2023,52,40,2,104,24,36,,
1,1,5/21/2023,65,40,3,195,75,33,,
1,1,5/21/2023,59,40,1,59,19,32,,
1,1,5/25/2023,65,40,2,130,50,30,,
1,1,5/25/2023,63,40,2,126,46,28,,
1,1,5/27/2023,40,40,1,40,0,27,,
1,1,5/27/2023,36,40,3,108,-12,24,,
1,1,6/2/2023,40,40,3,120,0,21,,
1,1,6/2/2023,36,40,3,108,-12,18,,
1,1,6/8/2023,50,40,2,100,20,46,6/4/2023,30
1,1,6/8/2023,46,40,3,138,18,43,,
1,1,6/14/2023,70,40,5,350,150,38,,
1,1,6/14/2023,68,40,4,272,112,34,,
1,1,6/20/2023,60,40,1,60,20,33,,
1,1,6/20/2023,55,40,2,110,30,31,,
1,1,6/26/2023,75,40,3,225,105,28,,
1,1,6/26/2023,71,40,2,142,62,26,,
1,1,7/2/2023,80,40,5,400,200,21,,
1,1,7/2/2023,73,40,2,146,66,49,6/25/2023,30
1,1,7/8/2023,85,40,4,340,180,45,,
1,1,7/8/2023,80,40,2,160,80,43,,
1,1,7/14/2023,70,40,2,140,60,41,,
1,1,7/14/2023,64,40,2,128,48,39,,
1,1,7/20/2023,25,40,2,50,-30,37,,
1,1,7/20/2023,60,40,4,240,80,33,,
1,1,7/20/2023,24,40,1,24,-16,32,,
1,1,7/20/2023,58,40,1,58,18,31,,
1,1,7/20/2023,20,40,3,60,-60,28,,
1,1,7/26/2023,25,40,1,25,-15,27,,
1,1,7/26/2023,60,40,4,240,80,23,,
1,1,7/26/2023,23,40,3,69,-51,20,,
1,1,7/26/2023,54,40,5,270,70,45,7/22/2023,30
1,1,7/26/2023,20,40,3,60,-60,42,,
1,1,8/1/2023,30,40,3,90,-30,39,,
1,1,8/1/2023,80,40,4,320,160,35,,
1,1,8/1/2023,29,40,4,116,-44,31,,
1,1,8/1/2023,78,40,3,234,114,28,,
1,1,8/1/2023,20,40,1,20,-20,27,,
1,1,8/7/2023,30,40,1,30,-10,26,,
1,1,8/7/2023,45,40,2,90,10,24,,
1,1,8/7/2023,27,40,1,27,-13,53,8/2/2023,30
1,1,8/7/2023,44,40,1,44,4,52,,
1,1,8/7/2023,23,40,5,115,-85,47,,
1,1,8/13/2023,30,40,3,90,-30,44,,
1,1,8/13/2023,45,40,5,225,25,39,,
1,1,8/13/2023,29,40,2,58,-22,37,,
1,1,8/13/2023,43,40,4,172,12,33,,
1,1,8/13/2023,24,40,5,120,-80,28,,
1,1,8/19/2023,40,40,1,40,0,27,,
1,1,8/19/2023,45,40,3,135,15,24,,
1,1,8/19/2023,39,40,5,195,-5,19,,
1,1,8/19/2023,41,40,1,41,1,18,,
1,1,8/19/2023,28,40,2,56,-24,16,,
1,1,8/25/2023,40,40,2,80,0,14,,
1,1,8/25/2023,37,40,3,111,-9,41,8/20/2023,30
1,1,8/25/2023,29,40,5,145,-55,36,,
1,1,8/31/2023,40,40,1,40,0,35,,
1,1,8/31/2023,37,40,5,185,-15,30,,
1,1,8/31/2023,27,40,2,54,-26,28,,
1,1,9/6/2023,45,40,2,90,10,26,,
1,1,9/6/2023,44,40,5,220,20,21,,
1,1,9/6/2023,33,40,2,66,-14,19,,
1,1,9/12/2023,45,40,2,90,10,17,,
1,1,9/12/2023,65,40,1,65,25,16,,
1,1,9/12/2023,44,40,5,220,20,11,,
1,1,9/12/2023,60,40,2,120,40,9,,
1,1,9/12/2023,31,40,5,155,-45,34,9/7/2023,30
1,1,9/18/2023,65,40,3,195,75,31,,
1,1,9/18/2023,60,40,5,300,100,26,,
1,1,9/24/2023,55,40,2,110,30,24,,
1,1,9/24/2023,53,40,5,265,65,19,,
1,1,9/30/2023,60,40,1,60,20,18,,
1,1,9/30/2023,56,40,2,112,32,16,,
1,1,10/6/2023,60,40,3,180,60,13,,
1,1,10/6/2023,56,40,5,280,80,8,,
1,1,10/18/2023,35,40,2,70,-10,6,,
1,1,10/18/2023,33,40,1,33,-7,35,10/13/2023,30
1,1,10/21/2023,45,40,3,135,15,32,,
1,1,10/21/2023,43,40,1,43,3,31,,
1,1,10/21/2023,34,40,3,102,-18,28,,
1,1,10/24/2023,35,40,1,35,-5,27,,
1,1,10/24/2023,32,40,4,128,-32,23,,
1,1,10/27/2023,45,40,3,135,15,20,,
1,1,10/27/2023,41,40,5,205,5,15,,
1,1,10/27/2023,32,40,2,64,-16,13,,
1,1,10/30/2023,40,40,4,160,0,39,10/23/2023,30
1,1,10/30/2023,39,40,3,117,-3,36,,
1,1,11/2/2023,40,40,3,120,0,33,,
1,1,11/2/2023,37,40,4,148,-12,29,,
1,1,11/2/2023,30,40,1,30,-10,28,,
1,1,11/5/2023,40,40,5,200,0,23,,
1,1,11/5/2023,36,40,5,180,-20,18,,
1,1,11/8/2023,40,40,1,40,0,17,,
1,1,11/8/2023,37,40,5,185,-15,12,,
1,1,11/8/2023,28,40,3,84,-36,39,11/2/2023,30
1,1,11/11/2023,50,40,3,150,30,36,,
1,1,11/11/2023,48,40,5,240,40,31,,
1,1,11/14/2023,50,40,1,50,10,30,,
1,1,11/14/2023,49,40,3,147,27,27,,
1,1,11/14/2023,36,40,4,144,-16,23,,
1,1,11/17/2023,45,40,3,135,15,20,,
1,1,11/17/2023,44,40,2,88,8,18,,
1,1,11/23/2023,50,40,4,200,40,14,,
1,1,11/23/2023,49,40,2,98,18,12,,
1,1,11/29/2023,50,40,3,150,30,39,11/25/2023,30
1,1,11/29/2023,47,40,4,188,28,35,,
1,1,12/5/2023,45,40,5,225,25,30,,
1,1,12/5/2023,43,40,3,129,9,27,,
1,1,12/11/2023,45,40,4,180,20,23,,
1,1,12/11/2023,41,40,4,164,4,19,,
1,1,12/17/2023,50,40,5,250,50,14,,
1,1,12/17/2023,46,40,1,46,6,13,,
1,1,12/23/2023,55,40,3,165,45,10,,
1,1,12/23/2023,50,40,5,250,50,35,12/16/2023,30
1,1,12/26/2023,60,40,1,60,20,34,,
1,1,12/26/2023,56,40,2,112,32,32,,
1,1,12/26/2023,40,40,5,200,0,27,,
1,1,12/29/2023,35,40,5,175,-25,22,,
1,1,12/29/2023,32,40,4,128,-32,18,,
1,1,1/1/2024,60,40,3,180,60,15,,
1,1,1/1/2024,56,40,4,224,64,41,12/26/2023,30
1,1,1/1/2024,44,40,5,220,20,36,,
1,1,1/4/2024,35,40,1,35,-5,35,,
1,1,1/4/2024,30,40,5,150,-50,30,,
1,1,1/4/2024,34,40,4,136,-24,26,,
1,1,1/4/2024,28,40,1,28,-12,25,,
1,1,1/6/2024,20,40,2,40,-40,23,,
1,1,1/6/2024,19,40,1,19,-21,22,,
1,1,1/6/2024,14,40,3,42,-78,19,,
1,1,1/7/2024,60,40,3,180,60,16,,
1,1,1/7/2024,35,40,1,35,-5,45,1/3/2024,30
1,1,1/7/2024,30,40,4,120,-40,41,,
1,1,1/7/2024,56,40,2,112,32,39,,
1,1,1/7/2024,33,40,4,132,-28,35,,
1,1,1/7/2024,27,40,4,108,-52,31,,
1,1,1/7/2024,41,40,3,123,3,28,,
1,1,1/8/2024,40,40,3,120,0,25,,
1,1,1/8/2024,38,40,5,190,-10,50,1/2/2024,30
1,1,1/10/2024,35,40,2,70,-10,48,,
1,1,1/10/2024,40,40,5,200,0,43,,
1,1,1/10/2024,35,40,1,35,-5,42,,
1,1,1/10/2024,32,40,4,128,-32,38,,
1,1,1/10/2024,39,40,4,156,-4,34,,
1,1,1/10/2024,33,40,2,66,-14,32,,
1,1,1/10/2024,26,40,4,104,-56,28,,
1,1,1/11/2024,35,40,4,140,-20,54,1/7/2024,30
1,1,1/11/2024,35,40,2,70,-10,52,,
1,1,1/11/2024,35,40,1,35,-5,51,,
1,1,1/11/2024,35,40,2,70,-10,49,,
1,1,1/11/2024,35,40,3,105,-15,46,,
1,1,1/11/2024,33,40,3,99,-21,43,,
1,1,1/11/2024,33,40,4,132,-28,39,,
1,1,1/11/2024,32,40,4,128,-32,35,,
1,1,1/11/2024,32,40,5,160,-40,30,,
1,1,1/11/2024,34,40,5,170,-30,25,,
1,1,1/11/2024,23,40,2,46,-34,23,,
1,1,1/12/2024,25,40,4,100,-60,19,,
1,1,1/12/2024,23,40,1,23,-17,18,,
1,1,1/13/2024,60,40,1,60,20,47,1/9/2024,30
1,1,1/13/2024,45,40,2,90,10,45,,
1,1,1/13/2024,40,40,5,200,0,40,,
1,1,1/13/2024,56,40,4,224,64,36,,
1,1,1/13/2024,41,40,1,41,1,35,,
1,1,1/13/2024,38,40,4,152,-8,31,,
1,1,1/13/2024,41,40,2,82,2,29,,
1,1,1/13/2024,30,40,5,150,-50,24,,
1,1,1/14/2024,30,40,5,150,-50,19,,
1,1,1/14/2024,35,40,1,35,-5,48,1/7/2024,30
1,1,1/14/2024,29,40,5,145,-55,43,,
1,1,1/14/2024,32,40,5,160,-40,38,,
1,1,1/14/2024,24,40,1,24,-16,37,,
1,1,1/15/2024,40,40,5,200,0,32,,
1,1,1/15/2024,45,40,1,45,5,31,,
1,1,1/15/2024,39,40,4,156,-4,27,,
1,1,1/15/2024,44,40,3,132,12,24,,
1,1,1/15/2024,35,40,1,35,-5,23,,
1,1,1/16/2024,45,40,5,225,25,18,,
1,1,1/16/2024,44,40,3,132,12,15,,
1,1,1/17/2024,25,40,2,50,-30,43,1/11/2024,30
1,1,1/17/2024,23,40,1,23,-17,42,,
1,1,1/17/2024,17,40,3,51,-69,39,,
1,1,1/18/2024,40,40,4,160,0,35,,
1,1,1/18/2024,35,40,5,175,-25,30,,
1,1,1/18/2024,35,40,5,175,-25,25,,
1,1,1/18/2024,40,40,2,80,0,23,,
1,1,1/18/2024,40,40,5,200,0,18,,
1,1,1/18/2024,38,40,5,190,-10,13,,
1,1,1/18/2024,33,40,2,66,-14,11,,
1,1,1/18/2024,32,40,1,32,-8,10,,
1,1,1/18/2024,36,40,4,144,-16,36,1/13/2024,30
1,1,1/18/2024,38,40,4,152,-8,32,,
1,1,1/18/2024,28,40,1,28,-12,31,,
1,1,1/18/2024,28,40,4,112,-48,27,,
1,1,1/19/2024,65,40,1,65,25,26,,
1,1,1/19/2024,30,40,2,60,-20,24,,
1,1,1/19/2024,62,40,2,124,44,22,,
1,1,1/19/2024,27,40,3,81,-39,19,,
1,1,1/19/2024,45,40,1,45,5,18,,
1,1,1/20/2024,35,40,1,35,-5,17,,
1,1,1/20/2024,34,40,2,68,-12,15,,
1,1,1/20/2024,23,40,3,69,-51,12,,
1,1,1/21/2024,30,40,3,90,-30,9,,
1,1,1/21/2024,29,40,3,87,-33,66,1/14/2024,60
1,1,1/22/2024,40,40,4,160,0,62,,
1,1,1/22/2024,50,40,5,250,50,57,,
1,1,1/22/2024,39,40,5,195,-5,52,,
1,1,1/22/2024,49,40,3,147,27,49,,
1,1,1/22/2024,34,40,4,136,-24,45,,
1,1,1/23/2024,40,40,5,200,0,40,,
1,1,1/23/2024,37,40,4,148,-12,36,,
1,1,1/24/2024,30,40,4,120,-40,32,,
1,1,1/24/2024,25,40,2,50,-30,30,,
1,1,1/24/2024,25,40,3,75,-45,27,,
1,1,1/24/2024,29,40,3,87,-33,24,,
1,1,1/24/2024,24,40,5,120,-80,19,,
1,1,1/24/2024,24,40,5,120,-80,14,,
1,1,1/24/2024,23,40,3,69,-51,41,1/21/2024,30
1,1,1/24/2024,17,40,1,17,-23,40,,
1,1,1/24/2024,17,40,5,85,-115,35,,
1,1,1/25/2024,55,40,2,110,30,33,,
1,1,1/25/2024,30,40,4,120,-40,29,,
1,1,1/25/2024,30,40,5,150,-50,24,,
1,1,1/25/2024,35,40,2,70,-10,22,,
1,1,1/25/2024,55,40,4,220,60,18,,
1,1,1/25/2024,51,40,4,204,44,14,,
1,1,1/25/2024,29,40,4,116,-44,40,1/19/2024,30
1,1,1/25/2024,27,40,1,27,-13,39,,
1,1,1/25/2024,33,40,5,165,-35,34,,
1,1,1/25/2024,52,40,2,104,24,32,,
1,1,1/25/2024,40,40,3,120,0,29,,
1,1,1/25/2024,24,40,3,72,-48,26,,
1,1,1/25/2024,36,40,2,72,-8,24,,
1,1,1/27/2024,35,40,2,70,-10,22,,
1,1,1/27/2024,33,40,5,165,-35,47,1/20/2024,30
1,1,1/27/2024,27,40,1,27,-13,46,,
1,1,1/28/2024,40,40,1,40,0,45,,
1,1,1/28/2024,36,40,4,144,-16,41,,
1,1,1/31/2024,55,40,3,165,45,38,,
1,1,1/31/2024,51,40,1,51,11,37,,
1,1,1/31/2024,36,40,1,36,-4,36,,
1,1,2/3/2024,40,40,2,80,0,34,,
1,1,2/3/2024,37,40,4,148,-12,30,,
1,1,2/4/2024,30,40,5,150,-50,25,,
1,1,2/4/2024,29,40,4,116,-44,21,,
1,1,2/5/2024,25,40,4,100,-60,17,,
1,1,2/5/2024,35,40,5,175,-25,42,2/1/2024,30
1,1,2/5/2024,23,40,2,46,-34,40,,
1,1,2/5/2024,34,40,2,68,-12,38,,
1,1,2/5/2024,18,40,3,54,-66,35,,
1,1,2/6/2024,55,40,1,55,15,34,,
1,1,2/6/2024,40,40,5,200,0,29,,
1,1,2/6/2024,52,40,1,52,12,28,,
1,1,2/6/2024,39,40,1,39,-1,27,,
1,1,2/6/2024,39,40,1,39,-1,26,,
1,1,2/7/2024,30,40,2,60,-20,24,,
1,1,2/7/2024,28,40,4,112,-48,20,,
1,1,2/8/2024,40,40,1,40,0,49,2/1/2024,30
1,1,2/8/2024,38,40,3,114,-6,46,,
1,1,2/8/2024,31,40,3,93,-27,43,,
1,1,2/9/2024,45,40,3,135,15,40,,
1,1,2/9/2024,35,40,1,35,-5,39,,
1,1,2/9/2024,35,40,4,140,-20,35,,
1,1,2/9/2024,42,40,5,210,10,30,,
1,1,2/9/2024,34,40,5,170,-30,25,,
1,1,2/9/2024,34,40,5,170,-30,20,,
1,1,2/9/2024,24,40,5,120,-80,45,2/4/2024,30
1,1,2/10/2024,35,40,5,175,-25,40,,
1,1,2/10/2024,34,40,1,34,-6,39,,
1,1,2/11/2024,35,40,4,140,-20,35,,
1,1,2/11/2024,45,40,2,90,10,33,,
1,1,2/11/2024,35,40,4,140,-20,29,,
1,1,2/11/2024,33,40,5,165,-35,24,,
1,1,2/11/2024,44,40,1,44,4,23,,
1,1,2/11/2024,34,40,3,102,-18,20,,
1,1,2/11/2024,36,40,4,144,-16,16,,
1,1,2/12/2024,55,40,3,165,45,13,,
1,1,2/12/2024,25,40,1,25,-15,12,,
1,1,2/12/2024,35,40,1,35,-5,41,2/7/2024,30
1,1,2/12/2024,51,40,5,255,55,36,,
1,1,2/12/2024,25,40,3,75,-45,33,,
1,1,2/12/2024,32,40,3,96,-24,30,,
1,1,2/12/2024,40,40,5,200,0,25,,
1,1,2/13/2024,40,40,4,160,0,21,,
1,1,2/13/2024,40,40,1,40,0,20,,
1,1,2/13/2024,45,40,1,45,5,19,,
1,1,2/13/2024,37,40,3,111,-9,16,,
1,1,2/13/2024,37,40,5,185,-15,11,,
1,1,2/13/2024,41,40,2,82,2,39,2/8/2024,30
1,1,2/13/2024,33,40,4,132,-28,35,,
1,1,2/14/2024,30,40,2,60,-20,33,,
1,1,2/14/2024,29,40,1,29,-11,32,,
1,1,2/14/2024,23,40,4,92,-68,28,,
1,1,2/15/2024,45,40,2,90,10,26,,
1,1,2/15/2024,25,40,3,75,-45,23,,
1,1,2/15/2024,41,40,2,82,2,21,,
1,1,2/15/2024,23,40,4,92,-68,17,,
1,1,2/15/2024,18,40,1,18,-22,16,,
1,1,2/16/2024,40,40,2,80,0,14,,
1,1,2/16/2024,40,40,5,200,0,39,2/9/2024,30
1,1,2/16/2024,39,40,4,156,-4,35,,
1,1,2/16/2024,36,40,3,108,-12,32,,
1,1,2/16/2024,26,40,4,104,-56,28,,
1,1,2/18/2024,35,40,3,105,-15,25,,
1,1,2/18/2024,40,40,3,120,0,22,,
1,1,2/18/2024,35,40,2,70,-10,20,,
1,1,2/18/2024,35,40,5,175,-25,15,,
1,1,2/18/2024,35,40,3,105,-15,12,,
1,1,2/18/2024,32,40,2,64,-16,10,,
1,1,2/18/2024,36,40,1,36,-4,39,2/15/2024,30
1,1,2/18/2024,34,40,1,34,-6,38,,
1,1,2/18/2024,33,40,3,99,-21,35,,
1,1,2/18/2024,33,40,3,99,-21,32,,
1,1,2/18/2024,26,40,5,130,-70,27,,
1,1,2/18/2024,26,40,2,52,-28,25,,
1,1,2/18/2024,24,40,1,24,-16,24,,
1,1,2/19/2024,30,40,5,150,-50,19,,
1,1,2/19/2024,30,40,5,150,-50,44,2/13/2024,30
1,1,2/19/2024,29,40,5,145,-55,39,,
1,1,2/19/2024,28,40,2,56,-24,37,,
1,1,2/20/2024,50,40,2,100,20,35,,
1,1,2/20/2024,49,40,1,49,9,34,,
1,1,2/20/2024,34,40,1,34,-6,33,,
1,1,2/21/2024,45,40,2,90,10,31,,
1,1,2/21/2024,44,40,3,132,12,28,,
1,1,2/22/2024,25,40,5,125,-75,23,,
1,1,2/22/2024,25,40,2,50,-30,21,,
1,1,2/22/2024,24,40,4,96,-64,47,2/18/2024,30
1,1,2/22/2024,24,40,5,120,-80,42,,
1,1,2/22/2024,17,40,4,68,-92,38,,
1,1,2/22/2024,18,40,5,90,-110,33,,
1,1,2/23/2024,55,40,5,275,75,28,,
1,1,2/23/2024,40,40,2,80,0,26,,
1,1,2/23/2024,35,40,1,35,-5,25,,
1,1,2/23/2024,55,40,1,55,15,24,,
1,1,2/23/2024,51,40,2,102,22,22,,
1,1,2/23/2024,38,40,5,190,-10,47,2/19/2024,30
1,1,2/23/2024,32,40,5,160,-40,42,,
1,1,2/23/2024,52,40,2,104,24,40,,
1,1,2/23/2024,41,40,4,164,4,36,,
1,1,2/24/2024,30,40,5,150,-50,31,,
1,1,2/24/2024,29,40,2,58,-22,29,,
1,1,2/24/2024,21,40,5,105,-95,24,,
1,1,2/25/2024,30,40,2,60,-20,22,,
1,1,2/25/2024,30,40,2,60,-20,20,,
1,1,2/25/2024,27,40,1,27,-13,19,,
1,1,2/25/2024,29,40,3,87,-33,16,,
1,1,2/25/2024,22,40,1,22,-18,15,,
1,1,2/27/2024,40,40,1,40,0,44,2/21/2024,30
1,1,2/27/2024,35,40,2,70,-10,42,,
1,1,2/27/2024,38,40,5,190,-10,37,,
1,1,2/27/2024,33,40,1,33,-7,36,,
1,1,2/27/2024,27,40,3,81,-39,33,,
1,1,3/2/2024,30,40,2,60,-20,31,,
1,1,3/2/2024,20,40,4,80,-80,27,,
1,1,3/2/2024,28,40,2,56,-24,25,,
1,1,3/2/2024,19,40,5,95,-105,20,,
1,1,3/3/2024,40,40,1,40,0,49,2/27/2024,30
1,1,3/3/2024,39,40,5,195,-5,44,,
1,1,3/3/2024,26,40,4,104,-56,40,,
1,1,3/4/2024,45,40,3,135,15,37,,
1,1,3/4/2024,41,40,2,82,2,35,,
1,1,3/5/2024,35,40,3,105,-15,32,,
1,1,3/5/2024,20,40,5,100,-100,27,,
1,1,3/5/2024,33,40,2,66,-14,25,,
1,1,3/5/2024,19,40,1,19,-21,24,,
1,1,3/6/2024,30,40,3,90,-30,21,,
1,1,3/6/2024,35,40,2,70,-10,49,3/3/2024,30
1,1,3/6/2024,35,40,4,140,-20,45,,
1,1,3/6/2024,28,40,1,28,-12,44,,
1,1,3/6/2024,32,40,2,64,-16,42,,
1,1,3/6/2024,34,40,4,136,-24,38,,
1,1,3/6/2024,21,40,5,105,-95,33,,
1,1,3/6/2024,26,40,4,104,-56,29,,
1,1,3/8/2024,45,40,4,180,20,25,,
1,1,3/8/2024,30,40,1,30,-10,24,,
1,1,3/8/2024,44,40,2,88,8,22,,
1,1,3/8/2024,29,40,3,87,-33,19,,
1,1,3/9/2024,45,40,3,135,15,46,3/5/2024,30
1,1,3/9/2024,30,40,4,120,-40,42,,
1,1,3/9/2024,25,40,2,50,-30,40,,
1,1,3/9/2024,44,40,1,44,4,39,,
1,1,3/9/2024,27,40,5,135,-65,34,,
1,1,3/9/2024,23,40,5,115,-85,29,,
1,1,3/10/2024,20,40,5,100,-100,24,,
1,1,3/10/2024,40,40,3,120,0,21,,
1,1,3/10/2024,30,40,1,30,-10,20,,
1,1,3/10/2024,45,40,5,225,25,15,,
1,1,3/10/2024,18,40,2,36,-44,13,,
1,1,3/10/2024,38,40,2,76,-4,41,3/6/2024,30
1,1,3/10/2024,29,40,3,87,-33,38,,
1,1,3/10/2024,44,40,4,176,16,34,,
1,1,3/10/2024,20,40,3,60,-60,31,,
1,1,3/10/2024,35,40,4,140,-20,27,,
1,1,3/11/2024,40,40,3,120,0,24,,
1,1,3/11/2024,39,40,5,195,-5,19,,
1,1,3/12/2024,40,40,1,40,0,18,,
1,1,3/12/2024,20,40,4,80,-80,14,,
1,1,3/12/2024,37,40,2,74,-6,42,3/5/2024,30
1,1,3/12/2024,20,40,4,80,-80,38,,
1,1,3/12/2024,30,40,2,60,-20,36,,
1,1,3/13/2024,35,40,5,175,-25,31,,
1,1,3/13/2024,40,40,3,120,0,28,,
1,1,3/13/2024,40,40,5,200,0,23,,
1,1,3/13/2024,34,40,2,68,-12,21,,
1,1,3/13/2024,36,40,4,144,-16,17,,
1,1,3/13/2024,38,40,5,190,-10,42,3/9/2024,30
1,1,3/13/2024,28,40,4,112,-48,38,,
1,1,3/13/2024,28,40,1,28,-12,37,,
1,1,3/15/2024,35,40,2,70,-10,35,,
1,1,3/15/2024,34,40,2,68,-12,33,,
1,1,3/16/2024,25,40,1,25,-15,32,,
1,1,3/16/2024,50,40,3,150,30,29,,
1,1,3/16/2024,45,40,4,180,20,25,,
1,1,3/16/2024,25,40,2,50,-30,23,,
1,1,3/16/2024,30,40,1,30,-10,22,,
1,1,3/16/2024,24,40,1,24,-16,21,,
1,1,3/16/2024,46,40,1,46,6,50,3/11/2024,30
1,1,3/16/2024,44,40,4,176,16,46,,
1,1,3/16/2024,23,40,3,69,-51,43,,
1,1,3/16/2024,28,40,5,140,-60,38,,
1,1,3/16/2024,18,40,5,90,-110,33,,
1,1,3/16/2024,35,40,1,35,-5,32,,
1,1,3/16/2024,29,40,4,116,-44,28,,
1,1,3/16/2024,20,40,5,100,-100,23,,
1,1,3/17/2024,35,40,5,175,-25,18,,
1,1,3/17/2024,50,40,4,200,40,44,3/10/2024,30
1,1,3/17/2024,34,40,4,136,-24,40,,
1,1,3/17/2024,49,40,5,245,45,35,,
1,1,3/17/2024,39,40,1,39,-1,34,,
1,1,3/19/2024,35,40,3,105,-15,31,,
1,1,3/19/2024,20,40,2,40,-40,29,,
1,1,3/19/2024,20,40,3,60,-60,26,,
1,1,3/19/2024,32,40,5,160,-40,21,,
1,1,3/19/2024,18,40,3,54,-66,18,,
1,1,3/19/2024,19,40,5,95,-105,13,,
1,1,3/19/2024,24,40,2,48,-32,41,3/15/2024,30
1,1,3/19/2024,15,40,2,30,-50,39,,
1,1,3/19/2024,14,40,3,42,-78,36,,
1,1,3/20/2024,55,40,1,55,15,35,,
1,1,3/20/2024,35,40,1,35,-5,34,,
1,1,3/20/2024,53,40,5,265,65,29,,
1,1,3/20/2024,32,40,1,32,-8,28,,
1,1,3/21/2024,45,40,1,45,5,27,,
1,1,3/21/2024,41,40,1,41,1,26,,
1,1,3/22/2024,30,40,1,30,-10,25,,
1,1,3/22/2024,40,40,3,120,0,22,,
1,1,3/22/2024,27,40,4,108,-52,18,,
1,1,3/22/2024,37,40,3,111,-9,15,,
1,1,3/22/2024,20,40,4,80,-80,41,3/17/2024,30
1,1,3/22/2024,29,40,4,116,-44,37,,
1,1,3/23/2024,40,40,1,40,0,36,,
1,1,3/23/2024,40,40,4,160,0,32,,
1,1,3/23/2024,38,40,2,76,-4,30,,
1,1,3/23/2024,38,40,4,152,-8,26,,
1,1,3/23/2024,30,40,3,90,-30,23,,
1,1,3/23/2024,28,40,2,56,-24,21,,
1,1,3/25/2024,45,40,3,135,15,18,,
1,1,3/25/2024,44,40,5,220,20,13,,
1,1,3/25/2024,30,40,2,60,-20,41,3/18/2024,30
1,1,3/28/2024,20,40,1,20,-20,40,,
1,1,3/28/2024,19,40,4,76,-84,36,,
1,1,3/28/2024,13,40,1,13,-27,35,,
1,1,4/3/2024,15,40,5,75,-125,30,,
1,1,4/3/2024,30,40,2,60,-20,28,,
1,1,4/3/2024,20,40,2,40,-40,26,,
1,1,4/3/2024,14,40,5,70,-130,21,,
1,1,4/3/2024,27,40,3,81,-39,18,,
1,1,4/3/2024,18,40,2,36,-44,16,,
1,1,4/3/2024,12,40,1,12,-28,15,,
1,1,4/4/2024,40,40,5,200,0,40,3/30/2024,30
1,1,4/4/2024,36,40,5,180,-20,35,,
1,1,4/4/2024,28,40,4,112,-48,31,,
1,1,4/5/2024,20,40,2,40,-40,29,,
1,1,4/5/2024,19,40,3,57,-63,26,,
1,1,4/5/2024,15,40,5,75,-125,21,,
1,1,4/6/2024,35,40,1,35,-5,20,,
1,1,4/6/2024,20,40,5,100,-100,15,,
1,1,4/6/2024,33,40,5,165,-35,40,3/31/2024,30
1,1,4/6/2024,20,40,2,40,-40,38,,
1,1,4/7/2024,45,40,4,180,20,34,,
1,1,4/7/2024,35,40,5,175,-25,29,,
1,1,4/7/2024,35,40,5,175,-25,24,,
1,1,4/7/2024,43,40,2,86,6,22,,
1,1,4/7/2024,34,40,4,136,-24,18,,
1,1,4/7/2024,32,40,3,96,-24,15,,
1,1,4/7/2024,31,40,4,124,-36,11,,
1,1,4/7/2024,28,40,1,28,-12,10,,
1,1,4/9/2024,40,40,5,200,0,35,4/4/2024,30
1,1,4/9/2024,45,40,2,90,10,33,,
1,1,4/9/2024,30,40,4,120,-40,29,,
1,1,4/9/2024,36,40,5,180,-20,24,,
1,1,4/9/2024,42,40,5,210,10,19,,
1,1,4/9/2024,28,40,4,112,-48,15,,
1,1,4/9/2024,28,40,3,84,-36,12,,
1,1,4/10/2024,60,40,1,60,20,11,,
1,1,4/10/2024,30,40,4,120,-40,7,,
1,1,4/10/2024,25,40,4,100,-60,33,4/6/2024,30
1,1,4/10/2024,59,40,3,177,57,30,,
1,1,4/10/2024,28,40,5,140,-60,25,,
1,1,4/10/2024,23,40,1,23,-17,24,,
1,1,4/11/2024,40,40,1,40,0,23,,
1,1,4/11/2024,30,40,5,150,-50,18,,
1,1,4/11/2024,45,40,1,45,5,17,,
1,1,4/11/2024,39,40,3,117,-3,14,,
1,1,4/11/2024,27,40,4,108,-52,10,,
1,1,4/11/2024,41,40,1,41,1,39,4/5/2024,30
1,1,4/11/2024,20,40,2,40,-40,37,,
1,1,4/11/2024,30,40,5,150,-50,32,,
1,1,4/12/2024,40,40,4,160,0,28,,
1,1,4/12/2024,38,40,1,38,-2,27,,
1,1,4/13/2024,45,40,4,180,20,23,,
1,1,4/13/2024,50,40,1,50,10,22,,
1,1,4/13/2024,25,40,2,50,-30,20,,
1,1,4/13/2024,41,40,2,82,2,18,,
1,1,4/13/2024,45,40,4,180,20,14,,
1,1,4/13/2024,24,40,2,48,-32,12,,
1,1,4/13/2024,32,40,5,160,-40,7,,
1,1,4/13/2024,37,40,2,74,-6,35,4/7/2024,30
1,1,4/14/2024,40,40,4,160,0,31,,
1,1,4/14/2024,40,40,1,40,0,30,,
1,1,4/14/2024,36,40,4,144,-16,26,,
1,1,4/14/2024,38,40,5,190,-10,21,,
1,1,4/14/2024,28,40,3,84,-36,18,,
1,1,4/15/2024,40,40,1,40,0,17,,
1,1,4/15/2024,36,40,1,36,-4,16,,
1,1,4/15/2024,29,40,5,145,-55,11,,
1,1,4/16/2024,35,40,2,70,-10,9,,
1,1,4/16/2024,32,40,5,160,-40,34,4/12/2024,30
1,1,4/17/2024,65,40,2,130,50,32,,
1,1,4/17/2024,50,40,2,100,20,30,,
1,1,4/17/2024,25,40,5,125,-75,25,,
1,1,4/17/2024,30,40,3,90,-30,22,,
1,1,4/17/2024,62,40,5,310,110,17,,
1,1,4/17/2024,48,40,1,48,8,16,,
1,1,4/17/2024,23,40,2,46,-34,14,,
1,1,4/17/2024,27,40,3,81,-39,11,,
1,1,4/17/2024,47,40,2,94,14,9,,
1,1,4/17/2024,38,40,4,152,-8,35,4/11/2024,30
1,1,4/17/2024,19,40,1,19,-21,34,,
1,1,4/18/2024,35,40,5,175,-25,29,,
1,1,4/18/2024,50,40,5,250,50,24,,
1,1,4/18/2024,33,40,2,66,-14,22,,
1,1,4/18/2024,48,40,1,48,8,21,,
1,1,4/18/2024,33,40,4,132,-28,17,,
1,1,4/19/2024,45,40,4,180,20,13,,
1,1,4/19/2024,44,40,2,88,8,11,,
1,1,4/19/2024,36,40,4,144,-16,7,,
1,1,4/20/2024,25,40,1,25,-15,36,4/16/2024,30
1,1,4/20/2024,25,40,5,125,-75,31,,
1,1,4/20/2024,23,40,2,46,-34,29,,
1,1,4/20/2024,24,40,2,48,-32,27,,
1,1,4/20/2024,19,40,5,95,-105,22,,
1,1,4/20/2024,20,40,2,40,-40,20,,
1,1,4/21/2024,45,40,3,135,15,17,,
1,1,4/21/2024,55,40,4,220,60,13,,
1,1,4/21/2024,35,40,5,175,-25,8,,
1,1,4/21/2024,41,40,1,41,1,37,4/15/2024,30
1,1,4/21/2024,54,40,4,216,56,33,,
1,1,4/21/2024,33,40,2,66,-14,31,,
1,1,4/21/2024,29,40,2,58,-22,29,,
1,1,4/22/2024,45,40,1,45,5,28,,
1,1,4/22/2024,41,40,3,123,3,25,,
1,1,4/23/2024,50,40,1,50,10,24,,
1,1,4/23/2024,48,40,2,96,16,22,,
1,1,4/23/2024,40,40,1,40,0,21,,
1,1,4/24/2024,55,40,3,165,45,18,,
1,1,4/24/2024,55,40,5,275,75,13,,
1,1,4/24/2024,52,40,1,52,12,12,,
1,1,4/24/2024,51,40,2,102,22,10,,
1,1,4/24/2024,38,40,5,190,-10,35,4/21/2024,30
1,1,4/24/2024,44,40,5,220,20,30,,
1,1,4/25/2024,45,40,4,180,20,26,,
1,1,4/25/2024,41,40,5,205,5,21,,
1,1,4/25/2024,30,40,2,60,-20,19,,
1,1,4/26/2024,55,40,3,165,45,16,,
1,1,4/26/2024,51,40,2,102,22,14,,
1,1,4/26/2024,41,40,3,123,3,11,,
1,1,4/27/2024,50,40,2,100,20,9,,
1,1,4/27/2024,49,40,2,98,18,37,4/24/2024,30
1,1,4/27/2024,40,40,5,200,0,32,,
1,1,5/1/2024,50,40,2,100,20,30,,
1,1,5/1/2024,47,40,5,235,35,25,,
1,1,5/1/2024,36,40,4,144,-16,21,,
1,1,5/2/2024,45,40,2,90,10,19,,
1,1,5/2/2024,41,40,1,41,1,18,,
1,1,5/3/2024,35,40,1,35,-5,17,,
1,1,5/3/2024,55,40,4,220,60,13,,
1,1,5/3/2024,33,40,1,33,-7,12,,
1,1,5/3/2024,54,40,2,108,28,10,,
1,1,5/3/2024,28,40,1,28,-12,39,4/26/2024,30
1,1,5/3/2024,40,40,2,80,0,37,,
1,1,5/4/2024,60,40,3,180,60,34,,
1,1,5/4/2024,58,40,4,232,72,30,,
1,1,5/5/2024,20,40,3,60,-60,27,,
1,1,5/5/2024,50,40,2,100,20,25,,
1,1,5/5/2024,18,40,1,18,-22,24,,
1,1,5/5/2024,48,40,5,240,40,19,,
1,1,5/5/2024,14,40,3,42,-78,16,,
1,1,5/6/2024,50,40,5,250,50,11,,
1,1,5/6/2024,50,40,4,200,40,7,,
1,1,5/6/2024,48,40,3,144,24,34,5/1/2024,30
1,1,5/6/2024,49,40,4,196,36,30,,
1,1,5/6/2024,39,40,2,78,-2,28,,
1,1,5/7/2024,50,40,5,250,50,23,,
1,1,5/7/2024,60,40,1,60,20,22,,
1,1,5/7/2024,47,40,5,235,35,17,,
1,1,5/7/2024,57,40,5,285,85,12,,
1,1,5/7/2024,38,40,4,152,-8,8,,
1,1,5/8/2024,55,40,3,165,45,35,5/4/2024,30
1,1,5/8/2024,50,40,3,150,30,32,,
1,1,5/9/2024,30,40,4,120,-40,28,,
1,1,5/9/2024,45,40,2,90,10,26,,
1,1,5/9/2024,29,40,4,116,-44,22,,
1,1,5/9/2024,42,40,5,210,10,17,,
1,1,5/9/2024,24,40,1,24,-16,16,,
1,1,5/10/2024,50,40,2,100,20,14,,
1,1,5/10/2024,60,40,2,120,40,12,,
1,1,5/10/2024,60,40,4,240,80,8,,
1,1,5/10/2024,45,40,3,135,15,35,5/7/2024,30
1,1,5/10/2024,55,40,3,165,45,32,,
1,1,5/10/2024,55,40,4,220,60,28,,
1,1,5/10/2024,48,40,1,48,8,27,,
1,1,5/11/2024,55,40,4,220,60,23,,
1,1,5/11/2024,60,40,4,240,80,19,,
1,1,5/11/2024,51,40,4,204,44,15,,
1,1,5/11/2024,54,40,5,270,70,10,,
1,1,5/12/2024,35,40,2,70,-10,38,5/6/2024,30
1,1,5/12/2024,40,40,2,80,0,36,,
1,1,5/12/2024,32,40,4,128,-32,32,,
1,1,5/12/2024,36,40,2,72,-8,30,,
1,1,5/12/2024,27,40,2,54,-26,28,,
1,1,5/13/2024,50,40,4,200,40,24,,
1,1,5/13/2024,60,40,2,120,40,22,,
1,1,5/13/2024,55,40,4,220,60,18,,
1,1,5/13/2024,55,40,1,55,15,17,,
1,1,5/13/2024,49,40,2,98,18,15,,
1,1,5/13/2024,58,40,2,116,36,13,,
1,1,5/13/2024,51,40,1,51,11,12,,
1,1,5/13/2024,53,40,4,212,52,8,,
1,1,5/13/2024,36,40,3,108,-12,35,5/8/2024,30
1,1,5/13/2024,41,40,2,82,2,33,,
1,1,5/14/2024,50,40,1,50,10,32,,
1,1,5/14/2024,47,40,1,47,7,31,,
1,1,5/14/2024,37,40,2,74,-6,29,,
1,1,5/15/2024,55,40,4,220,60,25,,
1,1,5/15/2024,50,40,1,50,10,24,,
1,1,5/15/2024,53,40,5,265,65,19,,
1,1,5/15/2024,48,40,3,144,24,16,,
1,1,5/15/2024,39,40,4,156,-4,12,,
1,1,5/16/2024,40,40,3,120,0,9,,
1,1,5/16/2024,39,40,4,156,-4,35,5/11/2024,30
1,1,5/16/2024,27,40,5,135,-65,30,,
1,1,5/17/2024,65,40,4,260,100,26,,
1,1,5/17/2024,64,40,4,256,96,22,,
1,1,5/17/2024,47,40,4,188,28,18,,
1,1,5/18/2024,60,40,5,300,100,13,,
1,1,5/18/2024,45,40,4,180,20,9,,
1,1,5/18/2024,60,40,3,180,60,36,5/11/2024,30
1,1,5/18/2024,58,40,3,174,54,33,,
1,1,5/18/2024,43,40,3,129,9,30,,
1,1,5/18/2024,58,40,2,116,36,28,,
1,1,5/18/2024,44,40,5,220,20,23,,
1,1,5/18/2024,32,40,3,96,-24,20,,
1,1,5/19/2024,50,40,4,200,40,16,,
1,1,5/19/2024,40,40,1,40,0,15,,
1,1,5/19/2024,40,40,2,80,0,13,,
1,1,5/19/2024,40,40,5,200,0,8,,
1,1,5/19/2024,49,40,5,245,45,33,5/16/2024,30
1,1,5/19/2024,39,40,3,117,-3,30,,
1,1,5/19/2024,39,40,4,156,-4,26,,
1,1,5/19/2024,36,40,4,144,-16,22,,
1,1,5/19/2024,40,40,4,160,0,18,,
1,1,5/19/2024,26,40,4,104,-56,14,,
1,1,5/19/2024,28,40,5,140,-60,9,,
1,1,5/20/2024,65,40,5,325,125,34,5/16/2024,30
1,1,5/20/2024,50,40,4,200,40,30,,
1,1,5/20/2024,59,40,5,295,95,25,,
1,1,5/20/2024,49,40,2,98,18,23,,
1,1,5/21/2024,35,40,1,35,-5,22,,
1,1,5/21/2024,32,40,3,96,-24,19,,
1,1,5/21/2024,27,40,1,27,-13,18,,
1,1,5/23/2024,50,40,2,100,20,16,,
1,1,5/23/2024,49,40,1,49,9,15,,
1,1,5/24/2024,50,40,3,150,30,12,,
1,1,5/24/2024,47,40,1,47,7,11,,
1,1,5/24/2024,38,40,4,152,-8,7,,
1,1,5/25/2024,50,40,4,200,40,33,5/18/2024,30
1,1,5/25/2024,50,40,3,150,30,30,,
1,1,5/25/2024,50,40,4,200,40,26,,
1,1,5/25/2024,49,40,3,147,27,23,,
1,1,5/25/2024,46,40,1,46,6,22,,
1,1,5/25/2024,48,40,4,192,32,18,,
1,1,5/25/2024,39,40,5,195,-5,13,,
1,1,5/25/2024,39,40,3,117,-3,10,,
1,1,5/25/2024,39,40,3,117,-3,37,5/19/2024,30
1,1,5/27/2024,35,40,3,105,-15,34,,
1,1,5/27/2024,55,40,2,110,30,32,,
1,1,5/27/2024,32,40,3,96,-24,29,,
1,1,5/27/2024,51,40,4,204,44,25,,
1,1,5/27/2024,43,40,5,215,15,20,,
1,1,5/31/2024,45,40,4,180,20,16,,
1,1,5/31/2024,44,40,5,220,20,11,,
1,1,5/31/2024,36,40,5,180,-20,6,,
1,1,6/2/2024,40,40,5,200,0,31,5/30/2024,30
1,1,6/2/2024,38,40,3,114,-6,28,,
1,1,6/3/2024,35,40,2,70,-10,26,,
1,1,6/3/2024,32,40,2,64,-16,24,,
1,1,6/4/2024,45,40,2,90,10,22,,
1,1,6/4/2024,50,40,2,100,20,20,,
1,1,6/4/2024,42,40,2,84,4,18,,
1,1,6/4/2024,46,40,5,230,30,13,,
1,1,6/4/2024,31,40,2,62,-18,11,,
1,1,6/5/2024,55,40,3,165,45,8,,
1,1,6/5/2024,50,40,5,250,50,33,5/31/2024,30
1,1,6/5/2024,40,40,2,80,0,31,,
1,1,6/6/2024,45,40,4,180,20,27,,
1,1,6/6/2024,35,40,2,70,-10,25,,
1,1,6/6/2024,44,40,1,44,4,24,,
1,1,6/6/2024,32,40,2,64,-16,22,,
1,1,6/7/2024,55,40,4,220,60,18,,
1,1,6/7/2024,51,40,2,102,22,16,,
1,1,6/8/2024,40,40,3,120,0,13,,
1,1,6/8/2024,50,40,2,100,20,11,,
1,1,6/8/2024,50,40,3,150,30,8,,
1,1,6/8/2024,38,40,5,190,-10,33,6/1/2024,30
1,1,6/8/2024,45,40,2,90,10,31,,
1,1,6/8/2024,47,40,1,47,7,30,,
1,1,6/8/2024,36,40,2,72,-8,28,,
1,1,6/9/2024,40,40,3,120,0,25,,
1,1,6/9/2024,36,40,3,108,-12,22,,
1,1,6/10/2024,70,40,1,70,30,21,,
1,1,6/10/2024,60,40,2,120,40,19,,
1,1,6/10/2024,40,40,2,80,0,17,,
1,1,6/10/2024,67,40,2,134,54,15,,
1,1,6/10/2024,59,40,5,295,95,10,,
1,1,6/10/2024,36,40,4,144,-16,36,6/4/2024,30
1,1,6/11/2024,30,40,2,60,-20,34,,
1,1,6/11/2024,50,40,3,150,30,31,,
1,1,6/11/2024,28,40,4,112,-48,27,,
1,1,6/11/2024,49,40,4,196,36,23,,
1,1,6/11/2024,21,40,4,84,-76,19,,
1,1,6/12/2024,50,40,5,250,50,14,,
1,1,6/12/2024,50,40,3,150,30,11,,
1,1,6/12/2024,45,40,4,180,20,7,,
1,1,6/12/2024,60,40,4,240,80,33,6/5/2024,30
1,1,6/12/2024,47,40,5,235,35,28,,
1,1,6/12/2024,46,40,2,92,12,26,,
1,1,6/12/2024,41,40,2,82,2,24,,
1,1,6/12/2024,58,40,5,290,90,19,,
1,1,6/12/2024,47,40,4,188,28,15,,
1,1,6/13/2024,50,40,4,200,40,11,,
1,1,6/13/2024,46,40,3,138,18,8,,
1,1,6/13/2024,35,40,5,175,-25,33,6/9/2024,30
1,1,6/14/2024,45,40,5,225,25,28,,
1,1,6/14/2024,40,40,5,200,0,23,,
1,1,6/14/2024,44,40,1,44,4,22,,
1,1,6/14/2024,37,40,2,74,-6,20,,
1,1,6/15/2024,55,40,4,220,60,16,,
1,1,6/15/2024,55,40,3,165,45,13,,
1,1,6/15/2024,51,40,4,204,44,9,,
1,1,6/15/2024,51,40,3,153,33,36,6/9/2024,30
1,1,6/15/2024,39,40,1,39,-1,35,,
1,1,6/17/2024,65,40,2,130,50,33,,
1,1,6/17/2024,55,40,2,110,30,31,,
1,1,6/17/2024,60,40,2,120,40,29,,
1,1,6/17/2024,45,40,4,180,20,25,,
1,1,6/17/2024,61,40,2,122,42,23,,
1,1,6/17/2024,52,40,1,52,12,22,,
1,1,6/17/2024,58,40,5,290,90,17,,
1,1,6/17/2024,43,40,2,86,6,15,,
1,1,6/17/2024,50,40,2,100,20,13,,
1,1,6/17/2024,47,40,2,94,14,11,,
1,1,6/18/2024,50,40,1,50,10,10,,
1,1,6/18/2024,35,40,1,35,-5,39,6/11/2024,30
1,1,6/18/2024,45,40,4,180,20,35,,
1,1,6/18/2024,48,40,2,96,16,33,,
1,1,6/18/2024,32,40,2,64,-16,31,,
1,1,6/18/2024,44,40,5,220,20,26,,
1,1,6/18/2024,31,40,5,155,-45,21,,
1,1,6/19/2024,65,40,1,65,25,20,,
1,1,6/19/2024,59,40,4,236,76,16,,
1,1,6/19/2024,44,40,5,220,20,11,,
1,1,6/20/2024,40,40,5,200,0,6,,
1,1,6/20/2024,36,40,3,108,-12,33,6/14/2024,30
1,1,6/21/2024,40,40,5,200,0,28,,
1,1,6/21/2024,40,40,5,200,0,23,,
1,1,6/21/2024,36,40,4,144,-16,19,,
1,1,6/21/2024,38,40,4,152,-8,15,,
1,1,6/21/2024,28,40,2,56,-24,13,,
1,1,6/21/2024,32,40,2,64,-16,11,,
1,1,6/22/2024,65,40,5,325,125,6,,
1,1,6/22/2024,40,40,4,160,0,32,6/18/2024,30
1,1,6/22/2024,50,40,5,250,50,27,,
1,1,6/22/2024,59,40,5,295,95,22,,
1,1,6/22/2024,36,40,5,180,-20,17,,
1,1,6/22/2024,47,40,2,94,14,15,,
1,1,6/23/2024,50,40,5,250,50,10,,
1,1,6/23/2024,48,40,5,240,40,35,6/16/2024,30
1,1,6/23/2024,37,40,1,37,-3,34,,
1,1,6/24/2024,60,40,3,180,60,31,,
1,1,6/24/2024,55,40,2,110,30,29,,
1,1,6/24/2024,55,40,5,275,75,24,,
1,1,6/24/2024,58,40,1,58,18,23,,
1,1,6/24/2024,53,40,5,265,65,18,,
1,1,6/24/2024,51,40,1,51,11,17,,
1,1,6/24/2024,37,40,3,111,-9,14,,
1,1,6/24/2024,43,40,5,215,15,9,,
1,1,6/26/2024,45,40,5,225,25,34,6/22/2024,30
1,1,6/26/2024,55,40,2,110,30,32,,
1,1,6/26/2024,43,40,5,215,15,27,,
1,1,6/26/2024,52,40,3,156,36,24,,
1,1,6/26/2024,37,40,3,111,-9,21,,
1,1,6/30/2024,50,40,2,100,20,19,,
1,1,6/30/2024,46,40,1,46,6,18,,
1,1,7/2/2024,45,40,4,180,20,14,,
1,1,7/2/2024,65,40,2,130,50,12,,
1,1,7/2/2024,50,40,2,100,20,10,,
1,1,7/2/2024,41,40,4,164,4,36,6/28/2024,30
1,1,7/2/2024,60,40,3,180,60,33,,
1,1,7/2/2024,45,40,3,135,15,30,,
1,1,7/3/2024,55,40,5,275,75,25,,
1,1,7/3/2024,54,40,4,216,56,21,,
1,1,7/3/2024,42,40,2,84,4,19,,
1,1,7/5/2024,65,40,1,65,25,18,,
1,1,7/5/2024,50,40,5,250,50,13,,
1,1,7/5/2024,63,40,2,126,46,11,,
1,1,7/5/2024,49,40,1,49,9,10,,
1,1,7/6/2024,50,40,5,250,50,35,7/2/2024,30
1,1,7/6/2024,50,40,2,100,20,33,,
1,1,7/6/2024,50,40,3,150,30,30,,
1,1,7/6/2024,50,40,3,150,30,27,,
1,1,7/6/2024,47,40,2,94,14,25,,
1,1,7/6/2024,48,40,3,144,24,22,,
1,1,7/6/2024,47,40,2,94,14,20,,
1,1,7/6/2024,46,40,2,92,12,18,,
1,1,7/6/2024,35,40,5,175,-25,13,,
1,1,7/6/2024,38,40,4,152,-8,9,,
1,1,7/8/2024,40,40,4,160,0,35,7/5/2024,30
1,1,7/8/2024,65,40,2,130,50,33,,
1,1,7/8/2024,50,40,2,100,20,31,,
1,1,7/8/2024,38,40,1,38,-2,30,,
1,1,7/8/2024,59,40,5,295,95,25,,
1,1,7/8/2024,48,40,5,240,40,20,,
1,1,7/9/2024,80,40,3,240,120,17,,
1,1,7/9/2024,65,40,5,325,125,12,,
1,1,7/9/2024,55,40,1,55,15,11,,
1,1,7/9/2024,74,40,4,296,136,7,,
1,1,7/9/2024,63,40,2,126,46,35,7/4/2024,30
1,1,7/9/2024,51,40,4,204,44,31,,
1,1,7/10/2024,50,40,3,150,30,28,,
1,1,7/10/2024,35,40,4,140,-20,24,,
1,1,7/10/2024,60,40,3,180,60,21,,
1,1,7/10/2024,48,40,5,240,40,16,,
1,1,7/10/2024,34,40,5,170,-30,11,,
1,1,7/10/2024,54,40,4,216,56,7,,
1,1,7/10/2024,28,40,5,140,-60,32,7/7/2024,30
1,1,7/10/2024,45,40,4,180,20,28,,
1,1,7/11/2024,50,40,5,250,50,23,,
1,1,7/11/2024,47,40,2,94,14,21,,
1,1,7/12/2024,50,40,1,50,10,20,,
1,1,7/12/2024,50,40,3,150,30,17,,
1,1,7/12/2024,55,40,5,275,75,12,,
1,1,7/12/2024,49,40,1,49,9,11,,
1,1,7/12/2024,47,40,3,141,21,8,,
1,1,7/12/2024,51,40,1,51,11,37,7/7/2024,30
1,1,7/12/2024,37,40,3,111,-9,34,,
1,1,7/13/2024,55,40,2,110,30,32,,
1,1,7/13/2024,55,40,3,165,45,29,,
1,1,7/13/2024,53,40,1,53,13,28,,
1,1,7/13/2024,52,40,1,52,12,27,,
1,1,7/13/2024,37,40,3,111,-9,24,,
1,1,7/14/2024,40,40,1,40,0,23,,
1,1,7/14/2024,36,40,2,72,-8,21,,
1,1,7/15/2024,60,40,1,60,20,20,,
1,1,7/15/2024,57,40,5,285,85,15,,
1,1,7/16/2024,90,40,4,360,200,11,,
1,1,7/16/2024,90,40,5,450,250,6,,
1,1,7/16/2024,60,40,1,60,20,35,7/12/2024,30
1,1,7/16/2024,60,40,1,60,20,34,,
1,1,7/16/2024,83,40,1,83,43,33,,
1,1,7/16/2024,86,40,1,86,46,32,,
1,1,7/16/2024,58,40,3,174,54,29,,
1,1,7/16/2024,55,40,3,165,45,26,,
1,1,7/16/2024,68,40,5,340,140,21,,
1,1,7/16/2024,62,40,5,310,110,16,,
1,1,7/16/2024,47,40,1,47,7,15,,
1,1,7/17/2024,40,40,1,40,0,14,,
1,1,7/17/2024,65,40,1,65,25,13,,
1,1,7/17/2024,36,40,3,108,-12,10,,
1,1,7/17/2024,64,40,1,64,24,39,7/13/2024,30
1,1,7/17/2024,49,40,5,245,45,34,,
1,1,7/18/2024,50,40,5,250,50,29,,
1,1,7/18/2024,47,40,1,47,7,28,,
1,1,7/19/2024,55,40,4,220,60,24,,
1,1,7/19/2024,55,40,4,220,60,20,,
1,1,7/19/2024,50,40,1,50,10,19,,
1,1,7/19/2024,50,40,4,200,40,15,,
1,1,7/19/2024,39,40,5,195,-5,10,,
1,1,7/19/2024,43,40,5,215,15,35,7/16/2024,30
1,1,7/20/2024,40,40,5,200,0,30,,
1,1,7/20/2024,65,40,1,65,25,29,,
1,1,7/20/2024,50,40,2,100,20,27,,
1,1,7/20/2024,37,40,5,185,-15,22,,
1,1,7/20/2024,63,40,1,63,23,21,,
1,1,7/20/2024,49,40,3,147,27,18,,
1,1,7/21/2024,50,40,1,50,10,17,,
1,1,7/21/2024,47,40,1,47,7,16,,
1,1,7/22/2024,50,40,4,200,40,12,,
1,1,7/22/2024,49,40,1,49,9,11,,
1,1,7/22/2024,40,40,4,160,0,7,,
1,1,7/23/2024,85,40,3,255,135,34,7/16/2024,30
1,1,7/23/2024,85,40,3,255,135,31,,
1,1,7/23/2024,79,40,1,79,39,30,,
1,1,7/23/2024,79,40,2,158,78,28,,
1,1,7/23/2024,60,40,1,60,20,27,,
1,1,7/23/2024,60,40,5,300,100,22,,
1,1,7/24/2024,60,40,2,120,40,20,,
1,1,7/24/2024,56,40,3,168,48,17,,
1,1,7/25/2024,55,40,1,55,15,16,,
1,1,7/25/2024,54,40,3,162,42,13,,
1,1,7/25/2024,41,40,4,164,4,9,,
1,1,7/26/2024,50,40,2,100,20,37,7/21/2024,30
1,1,7/26/2024,49,40,2,98,18,35,,
1,1,7/30/2024,60,40,2,120,40,33,,
1,1,7/30/2024,55,40,5,275,75,28,,
1,1,8/1/2024,20,40,3,60,-60,25,,
1,1,8/1/2024,19,40,2,38,-42,23,,
1,1,8/3/2024,65,40,1,65,25,22,,
1,1,8/3/2024,50,40,5,250,50,17,,
1,1,8/3/2024,61,40,3,183,63,14,,
1,1,8/3/2024,46,40,1,46,6,13,,
1,1,8/4/2024,55,40,5,275,75,8,,
1,1,8/4/2024,51,40,5,255,55,33,7/30/2024,30
1,1,8/4/2024,40,40,4,160,0,29,,
1,1,8/5/2024,60,40,1,60,20,28,,
1,1,8/5/2024,57,40,1,57,17,27,,
1,1,8/6/2024,65,40,3,195,75,24,,
1,1,8/6/2024,50,40,4,200,40,20,,
1,1,8/6/2024,62,40,1,62,22,19,,
1,1,8/6/2024,49,40,1,49,9,18,,
1,1,8/7/2024,25,40,2,50,-30,16,,
1,1,8/7/2024,50,40,2,100,20,14,,
1,1,8/7/2024,50,40,2,100,20,12,,
1,1,8/7/2024,24,40,1,24,-16,11,,
1,1,8/7/2024,47,40,1,47,7,10,,
1,1,8/7/2024,46,40,3,138,18,37,7/31/2024,30
1,1,8/7/2024,16,40,3,48,-72,34,,
1,1,8/7/2024,38,40,1,38,-2,33,,
1,1,8/8/2024,50,40,4,200,40,29,,
1,1,8/8/2024,46,40,2,92,12,27,,
1,1,8/8/2024,38,40,3,114,-6,24,,
1,1,8/9/2024,65,40,3,195,75,21,,
1,1,8/9/2024,50,40,1,50,10,20,,
1,1,8/9/2024,62,40,1,62,22,19,,
1,1,8/9/2024,46,40,5,230,30,14,,
1,1,8/10/2024,85,40,2,170,90,12,,
1,1,8/10/2024,65,40,5,325,125,7,,
1,1,8/10/2024,50,40,3,150,30,34,8/3/2024,30
1,1,8/10/2024,79,40,2,158,78,32,,
1,1,8/10/2024,61,40,3,183,63,29,,
1,1,8/10/2024,47,40,2,94,14,27,,
1,1,8/11/2024,20,40,4,80,-80,23,,
1,1,8/11/2024,50,40,1,50,10,22,,
1,1,8/11/2024,35,40,4,140,-20,18,,
1,1,8/11/2024,60,40,2,120,40,16,,
1,1,8/11/2024,20,40,1,20,-20,15,,
1,1,8/11/2024,47,40,4,188,28,11,,
1,1,8/11/2024,33,40,3,99,-21,8,,
1,1,8/11/2024,58,40,3,174,54,35,8/7/2024,30
1,1,8/11/2024,27,40,1,27,-13,34,,
1,1,8/11/2024,42,40,4,168,8,30,,
1,1,8/12/2024,50,40,3,150,30,27,,
1,1,8/12/2024,49,40,3,147,27,24,,
1,1,8/13/2024,30,40,3,90,-30,21,,
1,1,8/13/2024,55,40,5,275,75,16,,
1,1,8/13/2024,60,40,4,240,80,12,,
1,1,8/13/2024,28,40,4,112,-48,8,,
1,1,8/13/2024,53,40,3,159,39,35,8/9/2024,30
1,1,8/13/2024,56,40,2,112,32,33,,
1,1,8/13/2024,23,40,1,23,-17,32,,
1,1,8/13/2024,39,40,3,117,-3,29,,
1,1,8/14/2024,55,40,4,220,60,25,,
1,1,8/14/2024,55,40,5,275,75,20,,
1,1,8/14/2024,50,40,4,200,40,16,,
1,1,8/14/2024,50,40,2,100,20,14,,
1,1,8/14/2024,40,40,3,120,0,11,,
1,1,8/16/2024,60,40,1,60,20,10,,
1,1,8/16/2024,55,40,2,110,30,38,8/10/2024,30
1,1,8/17/2024,25,40,2,50,-30,36,,
1,1,8/17/2024,95,40,5,475,275,31,,
1,1,8/17/2024,95,40,4,380,220,27,,
1,1,8/17/2024,60,40,4,240,80,23,,
1,1,8/17/2024,50,40,1,50,10,22,,
1,1,8/17/2024,23,40,5,115,-85,17,,
1,1,8/17/2024,87,40,2,174,94,15,,
1,1,8/17/2024,86,40,1,86,46,14,,
1,1,8/17/2024,56,40,3,168,48,11,,
1,1,8/17/2024,46,40,5,230,30,6,,
1,1,8/17/2024,19,40,1,19,-21,35,8/14/2024,30
1,1,8/17/2024,68,40,4,272,112,31,,
1,1,8/17/2024,73,40,2,146,66,29,,
1,1,8/17/2024,41,40,4,164,4,25,,
1,1,8/18/2024,40,40,4,160,0,21,,
1,1,8/18/2024,65,40,4,260,100,17,,
1,1,8/18/2024,38,40,2,76,-4,15,,
1,1,8/18/2024,60,40,5,300,100,10,,
1,1,8/18/2024,48,40,4,192,32,36,8/15/2024,30
1,1,8/19/2024,20,40,5,100,-100,31,,
1,1,8/19/2024,19,40,1,19,-21,30,,
1,1,8/19/2024,15,40,3,45,-75,27,,
1,1,8/20/2024,60,40,4,240,80,23,,
1,1,8/20/2024,60,40,5,300,100,18,,
1,1,8/20/2024,55,40,3,165,45,15,,
1,1,8/20/2024,56,40,5,280,80,10,,
1,1,8/20/2024,43,40,5,215,15,35,8/13/2024,30
1,1,8/20/2024,41,40,3,123,3,32,,
1,1,8/21/2024,65,40,2,130,50,30,,
1,1,8/21/2024,50,40,3,150,30,27,,
1,1,8/21/2024,59,40,5,295,95,22,,
1,1,8/21/2024,48,40,3,144,24,19,,
1,1,8/22/2024,50,40,4,200,40,15,,
1,1,8/22/2024,46,40,3,138,18,12,,
1,1,8/23/2024,30,40,4,120,-40,8,,
1,1,8/23/2024,55,40,4,220,60,34,8/17/2024,30
1,1,8/23/2024,29,40,3,87,-33,31,,
1,1,8/23/2024,50,40,4,200,40,27,,
1,1,8/23/2024,21,40,3,63,-57,24,,
1,1,8/23/2024,41,40,1,41,1,23,,
1,1,8/24/2024,90,40,1,90,50,22,,
1,1,8/24/2024,90,40,5,450,250,17,,
1,1,8/24/2024,83,40,4,332,172,13,,
1,1,8/24/2024,81,40,2,162,82,11,,
1,1,8/24/2024,67,40,4,268,108,7,,
1,1,8/24/2024,69,40,4,276,116,33,8/19/2024,30
1,1,8/25/2024,10,40,5,50,-150,28,,
1,1,8/25/2024,9,40,2,18,-62,26,,
1,1,8/25/2024,7,40,5,35,-165,21,,
1,1,8/26/2024,60,40,1,60,20,20,,
1,1,8/26/2024,56,40,3,168,48,17,,
1,1,8/26/2024,40,40,4,160,0,13,,
1,1,8/29/2024,20,40,2,40,-40,11,,
1,1,8/29/2024,18,40,1,18,-22,10,,
1,1,8/29/2024,13,40,3,39,-81,37,8/22/2024,30
1,1,8/31/2024,45,40,1,45,5,36,,
1,1,8/31/2024,43,40,1,43,3,35,,
1,1,8/31/2024,30,40,3,90,-30,32,,
1,1,9/2/2024,55,40,2,110,30,30,,
1,1,9/2/2024,53,40,3,159,39,27,,
1,1,9/3/2024,55,40,5,275,75,22,,
1,1,9/3/2024,52,40,1,52,12,21,,
1,1,9/3/2024,43,40,3,129,9,18,,
1,1,9/4/2024,20,40,3,60,-60,15,,
1,1,9/4/2024,35,40,2,70,-10,13,,
1,1,9/4/2024,19,40,3,57,-63,10,,
1,1,9/4/2024,33,40,4,132,-28,36,8/29/2024,30
1,1,9/4/2024,13,40,1,13,-27,35,,
1,1,9/5/2024,55,40,2,110,30,33,,
1,1,9/5/2024,55,40,3,165,45,30,,
1,1,9/5/2024,50,40,3,150,30,27,,
1,1,9/5/2024,51,40,4,204,44,23,,
1,1,9/5/2024,41,40,2,82,2,21,,
1,1,9/6/2024,45,40,2,90,10,19,,
1,1,9/6/2024,50,40,1,50,10,18,,
1,1,9/6/2024,50,40,5,250,50,13,,
1,1,9/6/2024,44,40,2,88,8,11,,
1,1,9/6/2024,46,40,4,184,24,7,,
1,1,9/6/2024,45,40,4,180,20,33,9/1/2024,30
1,1,9/6/2024,31,40,5,155,-45,28,,
1,1,9/6/2024,39,40,3,117,-3,25,,
1,1,9/7/2024,35,40,5,175,-25,20,,
1,1,9/7/2024,34,40,3,102,-18,17,,
1,1,9/8/2024,55,40,4,220,60,13,,
1,1,9/8/2024,50,40,1,50,10,12,,
1,1,9/9/2024,55,40,5,275,75,7,,
1,1,9/9/2024,50,40,3,150,30,34,9/4/2024,30
1,1,9/10/2024,45,40,3,135,15,31,,
1,1,9/10/2024,50,40,2,100,20,29,,
1,1,9/10/2024,40,40,2,80,0,27,,
1,1,9/10/2024,60,40,5,300,100,22,,
1,1,9/10/2024,41,40,4,164,4,18,,
1,1,9/10/2024,48,40,3,144,24,15,,
1,1,9/10/2024,36,40,5,180,-20,10,,
1,1,9/10/2024,56,40,2,112,32,38,9/6/2024,30
1,1,9/10/2024,30,40,4,120,-40,34,,
1,1,9/10/2024,44,40,5,220,20,29,,
1,1,9/11/2024,65,40,1,65,25,28,,
1,1,9/11/2024,35,40,4,140,-20,24,,
1,1,9/11/2024,62,40,3,186,66,21,,
1,1,9/11/2024,33,40,5,165,-35,16,,
1,1,9/12/2024,40,40,2,80,0,14,,
1,1,9/12/2024,30,40,1,30,-10,13,,
1,1,9/12/2024,50,40,2,100,20,11,,
1,1,9/12/2024,38,40,2,76,-4,9,,
1,1,9/12/2024,29,40,2,58,-22,37,9/6/2024,30
1,1,9/12/2024,47,40,4,188,28,33,,
1,1,9/12/2024,27,40,2,54,-26,31,,
1,1,9/12/2024,23,40,3,69,-51,28,,
1,1,9/13/2024,45,40,4,180,20,24,,
1,1,9/13/2024,55,40,3,165,45,21,,
1,1,9/13/2024,55,40,1,55,15,20,,
1,1,9/13/2024,42,40,5,210,10,15,,
1,1,9/13/2024,50,40,2,100,20,13,,
1,1,9/13/2024,53,40,5,265,65,8,,
1,1,9/13/2024,36,40,4,144,-16,34,9/9/2024,30
1,1,9/14/2024,45,40,3,135,15,31,,
1,1,9/14/2024,43,40,1,43,3,30,,
1,1,9/14/2024,31,40,5,155,-45,25,,
1,1,9/15/2024,45,40,2,90,10,23,,
1,1,9/15/2024,42,40,2,84,4,21,,
1,1,9/16/2024,45,40,2,90,10,19,,
1,1,9/16/2024,50,40,4,200,40,15,,
1,1,9/16/2024,41,40,2,82,2,13,,
1,1,9/16/2024,47,40,3,141,21,10,,
1,1,9/16/2024,34,40,3,102,-18,37,9/12/2024,30
1,1,9/16/2024,40,40,2,80,0,35,,
1,1,9/17/2024,65,40,2,130,50,33,,
1,1,9/17/2024,59,40,1,59,19,32,,
1,1,9/17/2024,51,40,3,153,33,29,,
1,1,9/18/2024,55,40,5,275,75,24,,
1,1,9/18/2024,60,40,5,300,100,19,,
1,1,9/18/2024,45,40,1,45,5,18,,
1,1,9/18/2024,35,40,3,105,-15,15,,
1,1,9/18/2024,51,40,5,255,55,10,,
1,1,9/18/2024,58,40,4,232,72,36,9/15/2024,30
1,1,9/18/2024,43,40,5,215,15,31,,
1,1,9/18/2024,34,40,5,170,-30,26,,
1,1,9/18/2024,38,40,1,38,-2,25,,
1,1,9/18/2024,44,40,5,220,20,20,,
1,1,9/18/2024,33,40,3,99,-21,17,,
1,1,9/19/2024,35,40,2,70,-10,15,,
1,1,9/19/2024,50,40,4,200,40,11,,
1,1,9/19/2024,50,40,1,50,10,10,,
1,1,9/19/2024,32,40,2,64,-16,38,9/12/2024,30
1,1,9/19/2024,48,40,5,240,40,33,,
1,1,9/19/2024,49,40,4,196,36,29,,
1,1,9/19/2024,35,40,3,105,-15,26,,
1,1,9/19/2024,35,40,2,70,-10,24,,
1,1,9/20/2024,65,40,5,325,125,19,,
1,1,9/20/2024,50,40,5,250,50,14,,
1,1,9/20/2024,64,40,5,320,120,9,,
1,1,9/20/2024,49,40,5,245,45,34,9/15/2024,30
1,1,9/22/2024,50,40,5,250,50,29,,
1,1,9/22/2024,49,40,5,245,45,24,,
1,1,9/22/2024,34,40,3,102,-18,21,,
1,1,9/23/2024,50,40,1,50,10,20,,
1,1,9/23/2024,48,40,3,144,24,17,,
1,1,9/24/2024,30,40,5,150,-50,12,,
1,1,9/24/2024,45,40,1,45,5,11,,
1,1,9/24/2024,29,40,4,116,-44,7,,
1,1,9/24/2024,41,40,3,123,3,34,9/17/2024,30
1,1,9/24/2024,20,40,3,60,-60,31,,
1,1,9/24/2024,35,40,5,175,-25,26,,
1,1,9/25/2024,50,40,4,200,40,22,,
1,1,9/25/2024,50,40,2,100,20,20,,
1,1,9/25/2024,46,40,5,230,30,15,,
1,1,9/25/2024,46,40,3,138,18,12,,
1,1,9/25/2024,35,40,1,35,-5,11,,
1,1,9/25/2024,34,40,2,68,-12,9,,
1,1,9/27/2024,50,40,3,150,30,36,9/23/2024,30
1,1,9/27/2024,49,40,4,196,36,32,,
1,1,9/27/2024,37,40,4,148,-12,28,,
1,1,9/28/2024,55,40,3,165,45,25,,
1,1,9/28/2024,53,40,2,106,26,23,,
1,1,9/28/2024,38,40,2,76,-4,21,,
1,1,9/30/2024,20,40,4,80,-80,17,,
1,1,9/30/2024,18,40,3,54,-66,14,,
1,1,9/30/2024,14,40,3,42,-78,11,,
1,1,10/3/2024,45,40,3,135,15,8,,
1,1,10/3/2024,43,40,3,129,9,35,9/30/2024,30
1,1,10/4/2024,40,40,2,80,0,33,,
1,1,10/4/2024,40,40,4,160,0,29,,
1,1,10/4/2024,45,40,4,180,20,25,,
1,1,10/4/2024,39,40,5,195,-5,20,,
1,1,10/4/2024,36,40,1,36,-4,19,,
1,1,10/4/2024,42,40,4,168,8,15,,
1,1,10/4/2024,30,40,3,90,-30,12,,
1,1,10/4/2024,30,40,2,60,-20,10,,
1,1,10/5/2024,60,40,1,60,20,39,9/30/2024,30
1,1,10/5/2024,59,40,4,236,76,35,,
1,1,10/5/2024,46,40,1,46,6,34,,
1,1,10/6/2024,60,40,4,240,80,30,,
1,1,10/6/2024,45,40,4,180,20,26,,
1,1,10/6/2024,56,40,3,168,48,23,,
1,1,10/6/2024,43,40,3,129,9,20,,
1,1,10/6/2024,46,40,4,184,24,16,,
1,1,10/7/2024,55,40,4,220,60,12,,
1,1,10/7/2024,50,40,2,100,20,10,,
1,1,10/8/2024,55,40,5,275,75,35,10/2/2024,30
1,1,10/8/2024,55,40,4,220,60,31,,
1,1,10/8/2024,53,40,2,106,26,29,,
1,1,10/8/2024,53,40,1,53,13,28,,
1,1,10/8/2024,37,40,2,74,-6,26,,
1,1,10/9/2024,50,40,4,200,40,22,,
1,1,10/9/2024,49,40,1,49,9,21,,
1,1,10/10/2024,40,40,1,40,0,20,,
1,1,10/10/2024,55,40,2,110,30,18,,
1,1,10/10/2024,60,40,5,300,100,13,,
1,1,10/10/2024,45,40,1,45,5,12,,
1,1,10/10/2024,38,40,2,76,-4,10,,
1,1,10/10/2024,52,40,2,104,24,38,10/7/2024,30
1,1,10/10/2024,57,40,1,57,17,37,,
1,1,10/10/2024,41,40,5,205,5,32,,
1,1,10/10/2024,31,40,1,31,-9,31,,
1,1,10/11/2024,30,40,4,120,-40,27,,
1,1,10/11/2024,40,40,4,160,0,23,,
1,1,10/11/2024,28,40,3,84,-36,20,,
1,1,10/11/2024,36,40,5,180,-20,15,,
1,1,10/11/2024,24,40,2,48,-32,13,,
1,1,10/12/2024,40,40,2,80,0,11,,
1,1,10/12/2024,55,40,5,275,75,6,,
1,1,10/12/2024,55,40,1,55,15,35,10/7/2024,30
1,1,10/12/2024,65,40,1,65,25,34,,
1,1,10/12/2024,38,40,1,38,-2,33,,
1,1,10/12/2024,50,40,3,150,30,30,,
1,1,10/12/2024,54,40,3,162,42,27,,
1,1,10/12/2024,62,40,5,310,110,22,,
1,1,10/12/2024,27,40,2,54,-26,20,,
1,1,10/12/2024,44,40,5,220,20,15,,
1,1,10/13/2024,45,40,5,225,25,10,,
1,1,10/13/2024,42,40,3,126,6,37,10/6/2024,30
1,1,10/13/2024,34,40,1,34,-6,36,,
1,1,10/14/2024,30,40,1,30,-10,35,,
1,1,10/14/2024,29,40,3,87,-33,32,,
1,1,10/15/2024,60,40,2,120,40,30,,
1,1,10/15/2024,60,40,5,300,100,25,,
1,1,10/15/2024,56,40,5,280,80,20,,
1,1,10/15/2024,57,40,4,228,68,16,,
1,1,10/15/2024,40,40,3,120,0,13,,
1,1,10/16/2024,60,40,2,120,40,11,,
1,1,10/16/2024,59,40,4,236,76,7,,
1,1,10/16/2024,46,40,1,46,6,36,10/11/2024,30
1,1,10/17/2024,50,40,1,50,10,35,,
1,1,10/17/2024,50,40,2,100,20,33,,
1,1,10/17/2024,35,40,1,35,-5,32,,
1,1,10/17/2024,45,40,1,45,5,31,,
1,1,10/17/2024,47,40,4,188,28,27,,
1,1,10/17/2024,49,40,4,196,36,23,,
1,1,10/17/2024,34,40,2,68,-12,21,,
1,1,10/17/2024,41,40,2,82,2,19,,
1,1,10/17/2024,39,40,2,78,-2,17,,
1,1,10/17/2024,25,40,3,75,-45,14,,
1,1,10/18/2024,40,40,3,120,0,11,,
1,1,10/18/2024,35,40,2,70,-10,9,,
1,1,10/18/2024,35,40,4,140,-20,35,10/13/2024,30
1,1,10/18/2024,38,40,3,114,-6,32,,
1,1,10/18/2024,34,40,2,68,-12,30,,
1,1,10/18/2024,32,40,4,128,-32,26,,
1,1,10/18/2024,24,40,5,120,-80,21,,
1,1,10/19/2024,60,40,2,120,40,19,,
1,1,10/19/2024,70,40,4,280,120,15,,
1,1,10/19/2024,55,40,2,110,30,13,,
1,1,10/19/2024,64,40,2,128,48,11,,
1,1,10/19/2024,52,40,4,208,48,7,,
1,1,10/21/2024,30,40,3,90,-30,34,10/18/2024,30
1,1,10/21/2024,30,40,2,60,-20,32,,
1,1,10/21/2024,27,40,5,135,-65,27,,
1,1,10/21/2024,29,40,2,58,-22,25,,
1,1,10/21/2024,21,40,4,84,-76,21,,
1,1,10/21/2024,20,40,2,40,-40,19,,
1,1,10/22/2024,45,40,5,225,25,14,,
1,1,10/22/2024,70,40,4,280,120,10,,
1,1,10/22/2024,55,40,5,275,75,35,10/16/2024,30
1,1,10/22/2024,55,40,5,275,75,30,,
1,1,10/22/2024,44,40,4,176,16,26,,
1,1,10/22/2024,68,40,3,204,84,23,,
1,1,10/22/2024,53,40,2,106,26,21,,
1,1,10/22/2024,52,40,3,156,36,18,,
1,1,10/22/2024,34,40,4,136,-24,14,,
1,1,10/23/2024,45,40,3,135,15,11,,
1,1,10/23/2024,41,40,3,123,3,8,,
1,1,10/23/2024,36,40,2,72,-8,36,10/20/2024,30
1,1,10/24/2024,40,40,4,160,0,32,,
1,1,10/24/2024,40,40,1,40,0,31,,
1,1,10/24/2024,40,40,5,200,0,26,,
1,1,10/24/2024,39,40,2,78,-2,24,,
1,1,10/24/2024,38,40,2,76,-4,22,,
1,1,10/24/2024,38,40,2,76,-4,20,,
1,1,10/24/2024,28,40,4,112,-48,16,,
1,1,10/24/2024,29,40,1,29,-11,15,,
1,1,10/26/2024,50,40,1,50,10,14,,
1,1,10/26/2024,48,40,1,48,8,13,,
1,1,10/26/2024,35,40,1,35,-5,12,,
1,1,10/28/2024,45,40,5,225,25,7,,
1,1,10/28/2024,42,40,4,168,8,33,10/25/2024,30
1,1,10/28/2024,32,40,3,96,-24,30,,
1,1,10/30/2024,40,40,2,80,0,28,,
1,1,10/30/2024,37,40,4,148,-12,24,,
1,1,11/3/2024,50,40,5,250,50,19,,
1,1,11/3/2024,45,40,5,225,25,14,,
1,1,11/3/2024,45,40,4,180,20,10,,
1,1,11/3/2024,49,40,1,49,9,39,10/30/2024,30
1,1,11/3/2024,44,40,5,220,20,34,,
1,1,11/3/2024,41,40,3,123,3,31,,
1,1,11/3/2024,39,40,4,156,-4,27,,
1,1,11/4/2024,65,40,3,195,75,24,,
1,1,11/4/2024,60,40,3,180,60,21,,
1,1,11/4/2024,51,40,3,153,33,18,,
1,1,11/5/2024,55,40,3,165,45,15,,
1,1,11/5/2024,35,40,5,175,-25,10,,
1,1,11/5/2024,52,40,4,208,48,36,10/31/2024,30
1,1,11/5/2024,33,40,5,165,-35,31,,
1,1,11/5/2024,27,40,1,27,-13,30,,
1,1,11/6/2024,55,40,1,55,15,29,,
1,1,11/6/2024,45,40,5,225,25,24,,
1,1,11/6/2024,50,40,1,50,10,23,,
1,1,11/6/2024,41,40,1,41,1,22,,
1,1,11/7/2024,60,40,5,300,100,17,,
1,1,11/7/2024,60,40,3,180,60,14,,
1,1,11/7/2024,59,40,5,295,95,9,,
1,1,11/7/2024,55,40,2,110,30,37,11/4/2024,30
1,1,11/7/2024,40,40,4,160,0,33,,
1,1,11/9/2024,50,40,2,100,20,31,,
1,1,11/9/2024,60,40,4,240,80,27,,
1,1,11/9/2024,50,40,2,100,20,25,,
1,1,11/9/2024,46,40,3,138,18,22,,
1,1,11/9/2024,56,40,2,112,32,20,,
1,1,11/9/2024,49,40,3,147,27,17,,
1,1,11/9/2024,35,40,1,35,-5,16,,
1,1,11/10/2024,55,40,1,55,15,15,,
1,1,11/10/2024,35,40,4,140,-20,11,,
1,1,11/10/2024,45,40,5,225,25,6,,
1,1,11/10/2024,51,40,4,204,44,32,11/7/2024,30
1,1,11/10/2024,34,40,1,34,-6,31,,
1,1,11/10/2024,41,40,2,82,2,29,,
1,1,11/11/2024,55,40,3,165,45,26,,
1,1,11/11/2024,55,40,2,110,30,24,,
1,1,11/11/2024,30,40,4,120,-40,20,,
1,1,11/11/2024,70,40,5,350,150,15,,
1,1,11/11/2024,54,40,3,162,42,12,,
1,1,11/11/2024,53,40,4,212,52,8,,
1,1,11/11/2024,29,40,1,29,-11,37,11/8/2024,30
1,1,11/11/2024,64,40,2,128,48,35,,
1,1,11/11/2024,22,40,3,66,-54,32,,
1,1,11/11/2024,54,40,2,108,28,30,,
1,1,11/12/2024,55,40,4,220,60,26,,
1,1,11/12/2024,53,40,3,159,39,23,,
1,1,11/13/2024,55,40,5,275,75,18,,
1,1,11/13/2024,25,40,1,25,-15,17,,
1,1,11/13/2024,51,40,2,102,22,15,,
1,1,11/13/2024,23,40,5,115,-85,10,,
1,1,11/13/2024,36,40,3,108,-12,37,11/10/2024,30
1,1,11/14/2024,65,40,2,130,50,35,,
1,1,11/14/2024,65,40,5,325,125,30,,
1,1,11/14/2024,60,40,4,240,80,26,,
1,1,11/14/2024,62,40,5,310,110,21,,
1,1,11/14/2024,49,40,4,196,36,17,,
1,1,11/15/2024,60,40,3,180,60,14,,
1,1,11/15/2024,58,40,1,58,18,13,,
1,1,11/15/2024,44,40,3,132,12,10,,
1,1,11/16/2024,50,40,3,150,30,37,11/10/2024,30
1,1,11/16/2024,49,40,5,245,45,32,,
1,1,11/17/2024,55,40,2,110,30,30,,
1,1,11/17/2024,55,40,4,220,60,26,,
1,1,11/17/2024,40,40,3,120,0,23,,
1,1,11/17/2024,30,40,1,30,-10,22,,
1,1,11/17/2024,45,40,2,90,10,20,,
1,1,11/17/2024,51,40,4,204,44,16,,
1,1,11/17/2024,52,40,1,52,12,15,,
1,1,11/17/2024,39,40,5,195,-5,10,,
1,1,11/17/2024,28,40,1,28,-12,39,11/14/2024,30
1,1,11/17/2024,44,40,4,176,16,35,,
1,1,11/17/2024,41,40,3,123,3,32,,
1,1,11/17/2024,28,40,3,84,-36,29,,
1,1,11/17/2024,22,40,3,66,-54,26,,
1,1,11/18/2024,65,40,4,260,100,22,,
1,1,11/18/2024,35,40,5,175,-25,17,,
1,1,11/18/2024,75,40,3,225,105,14,,
1,1,11/18/2024,62,40,2,124,44,12,,
1,1,11/18/2024,34,40,2,68,-12,10,,
1,1,11/18/2024,68,40,4,272,112,36,11/15/2024,30
1,1,11/18/2024,59,40,3,177,57,33,,
1,1,11/20/2024,25,40,3,75,-45,30,,
1,1,11/20/2024,25,40,4,100,-60,26,,
1,1,11/20/2024,24,40,3,72,-48,23,,
1,1,11/20/2024,23,40,4,92,-68,19,,
1,1,11/20/2024,18,40,5,90,-110,14,,
1,1,11/20/2024,16,40,1,16,-24,13,,
1,1,11/21/2024,65,40,3,195,75,10,,
1,1,11/21/2024,75,40,1,75,35,39,11/15/2024,30
1,1,11/21/2024,60,40,3,180,60,36,,
1,1,11/21/2024,64,40,5,320,120,31,,
1,1,11/21/2024,68,40,5,340,140,26,,
1,1,11/21/2024,58,40,4,232,72,22,,
1,1,11/21/2024,49,40,1,49,9,21,,
1,1,11/22/2024,50,40,5,250,50,16,,
1,1,11/22/2024,48,40,4,192,32,12,,
1,1,11/23/2024,45,40,5,225,25,7,,
1,1,11/23/2024,42,40,5,210,10,32,11/20/2024,30
1,1,11/23/2024,31,40,5,155,-45,27,,
1,1,11/24/2024,45,40,4,180,20,23,,
1,1,11/24/2024,45,40,1,45,5,22,,
1,1,11/24/2024,42,40,2,84,4,20,,
1,1,11/24/2024,44,40,5,220,20,15,,
1,1,11/24/2024,34,40,1,34,-6,14,,
1,1,11/24/2024,34,40,5,170,-30,9,,
1,1,11/26/2024,60,40,3,180,60,36,11/20/2024,30
1,1,11/26/2024,58,40,5,290,90,31,,
1,1,11/26/2024,47,40,1,47,7,30,,
1,1,11/27/2024,65,40,4,260,100,26,,
1,1,11/27/2024,60,40,3,180,60,23,,
1,1,11/27/2024,49,40,4,196,36,19,,
1,1,12/2/2024,70,40,3,210,90,16,,
1,1,12/2/2024,60,40,3,180,60,13,,
1,1,12/2/2024,64,40,4,256,96,9,,
1,1,12/2/2024,58,40,3,174,54,36,11/29/2024,30
1,1,12/3/2024,65,40,2,130,50,34,,
1,1,12/3/2024,65,40,4,260,100,30,,
1,1,12/3/2024,60,40,5,300,100,25,,
1,1,12/3/2024,59,40,1,59,19,24,,
1,1,12/3/2024,51,40,2,102,22,22,,
1,1,12/3/2024,45,40,3,135,15,19,,
1,1,12/4/2024,55,40,3,165,45,16,,
1,1,12/4/2024,54,40,2,108,28,14,,
1,1,12/4/2024,40,40,3,120,0,11,,
1,1,12/5/2024,70,40,5,350,150,6,,
1,1,12/5/2024,60,40,2,120,40,34,11/28/2024,30
1,1,12/5/2024,67,40,4,268,108,30,,
1,1,12/5/2024,54,40,5,270,70,25,,
1,1,12/6/2024,60,40,3,180,60,22,,
1,1,12/6/2024,60,40,3,180,60,19,,
1,1,12/6/2024,55,40,3,165,45,16,,
1,1,12/6/2024,54,40,4,216,56,12,,
1,1,12/6/2024,48,40,2,96,16,10,,
1,1,12/8/2024,65,40,3,195,75,37,12/1/2024,30
1,1,12/8/2024,60,40,3,180,60,34,,
1,1,12/8/2024,59,40,2,118,38,32,,
1,1,12/8/2024,55,40,4,220,60,28,,
1,1,12/9/2024,65,40,4,260,100,24,,
1,1,12/9/2024,75,40,3,225,105,21,,
1,1,12/9/2024,75,40,2,150,70,19,,
1,1,12/9/2024,60,40,4,240,80,15,,
1,1,12/9/2024,62,40,1,62,22,14,,
1,1,12/9/2024,68,40,1,68,28,13,,
1,1,12/9/2024,70,40,4,280,120,9,,
1,1,12/9/2024,58,40,1,58,18,38,12/2/2024,30
1,1,12/9/2024,46,40,3,138,18,35,,
1,1,12/10/2024,55,40,1,55,15,34,,
1,1,12/10/2024,40,40,1,40,0,33,,
1,1,12/10/2024,70,40,1,70,30,32,,
1,1,12/10/2024,52,40,5,260,60,27,,
1,1,12/10/2024,39,40,5,195,-5,22,,
1,1,12/10/2024,64,40,4,256,96,18,,
1,1,12/10/2024,29,40,1,29,-11,17,,
1,1,12/10/2024,48,40,4,192,32,13,,
1,1,12/11/2024,60,40,4,240,80,9,,
1,1,12/11/2024,58,40,5,290,90,34,12/5/2024,30
1,1,12/12/2024,55,40,4,220,60,30,,
1,1,12/12/2024,70,40,4,280,120,26,,
1,1,12/12/2024,50,40,3,150,30,23,,
1,1,12/12/2024,66,40,1,66,26,22,,
1,1,12/12/2024,42,40,5,210,10,17,,
1,1,12/13/2024,65,40,4,260,100,13,,
1,1,12/13/2024,65,40,2,130,50,11,,
1,1,12/13/2024,62,40,5,310,110,6,,
1,1,12/13/2024,64,40,4,256,96,32,12/10/2024,30
1,1,12/13/2024,51,40,2,102,22,30,,
1,1,12/15/2024,60,40,3,180,60,27,,
1,1,12/15/2024,60,40,1,60,20,26,,
1,1,12/15/2024,55,40,1,55,15,25,,
1,1,12/15/2024,55,40,1,55,15,24,,
1,1,12/15/2024,47,40,5,235,35,19,,
1,1,12/16/2024,75,40,3,225,105,16,,
1,1,12/16/2024,70,40,3,210,90,13,,
1,1,12/16/2024,70,40,3,210,90,10,,
1,1,12/16/2024,65,40,4,260,100,36,12/9/2024,30
1,1,12/16/2024,72,40,1,72,32,35,,
1,1,12/16/2024,69,40,2,138,58,33,,
1,1,12/16/2024,68,40,3,204,84,30,,
1,1,12/16/2024,60,40,2,120,40,28,,
1,1,12/16/2024,58,40,4,232,72,24,,
1,1,12/16/2024,46,40,3,138,18,21,,
1,1,12/16/2024,48,40,2,96,16,19,,
1,1,12/17/2024,65,40,1,65,25,18,,
1,1,12/17/2024,45,40,5,225,25,13,,
1,1,12/17/2024,75,40,3,225,105,10,,
1,1,12/17/2024,62,40,1,62,22,39,12/14/2024,30
1,1,12/17/2024,41,40,3,123,3,36,,
1,1,12/17/2024,71,40,1,71,31,35,,
1,1,12/17/2024,49,40,1,49,9,34,,
1,1,12/19/2024,70,40,3,210,90,31,,
1,1,12/19/2024,70,40,3,210,90,28,,
1,1,12/19/2024,67,40,4,268,108,24,,
1,1,12/19/2024,64,40,2,128,48,22,,
1,1,12/19/2024,55,40,1,55,15,21,,
1,1,12/19/2024,55,40,2,110,30,19,,
1,1,12/20/2024,75,40,3,225,105,16,,
1,1,12/20/2024,60,40,4,240,80,12,,
1,1,12/20/2024,69,40,4,276,116,8,,
1,1,12/20/2024,57,40,4,228,68,34,12/17/2024,30
1,1,12/21/2024,70,40,4,280,120,30,,
1,1,12/21/2024,55,40,3,165,45,27,,
1,1,12/21/2024,65,40,1,65,25,26,,
1,1,12/21/2024,66,40,1,66,26,25,,
1,1,12/21/2024,50,40,1,50,10,24,,
1,1,12/21/2024,59,40,4,236,76,20,,
1,1,12/21/2024,48,40,4,192,32,16,,
1,1,12/22/2024,45,40,2,90,10,14,,
1,1,12/22/2024,44,40,5,220,20,9,,
1,1,12/22/2024,35,40,5,175,-25,34,12/15/2024,30
1,1,12/23/2024,65,40,3,195,75,31,,
1,1,12/23/2024,65,40,5,325,125,26,,
1,1,12/23/2024,60,40,4,240,80,22,,
1,1,12/23/2024,61,40,2,122,42,20,,
1,1,12/23/2024,49,40,4,196,36,16,,
1,1,12/23/2024,51,40,2,102,22,14,,
1,1,12/25/2024,60,40,3,180,60,11,,
1,1,12/25/2024,55,40,5,275,75,6,,
1,1,12/25/2024,44,40,1,44,4,35,12/20/2024,30
1,1,12/27/2024,70,40,3,210,90,32,,
1,1,12/27/2024,55,40,2,110,30,30,,
1,1,12/27/2024,67,40,1,67,27,29,,
1,1,12/27/2024,53,40,2,106,26,27,,
1,1,12/27/2024,53,40,2,106,26,25,,
